<record><leader>00000cas a2200000 a 4500</leader><controlfield tag="001">12703654</controlfield><controlfield tag="008">851022d18871928ksuwr ne      0    0eng d</controlfield><datafield ind1=" " ind2=" " tag="010"><subfield code="a">sn 85032735 </subfield></datafield><datafield ind1=" " ind2=" " tag="040"><subfield code="a">KSH</subfield><subfield code="b">eng</subfield><subfield code="c">KSH</subfield><subfield code="d">NPT</subfield><subfield code="d">OCL</subfield><subfield code="d">OCLCQ</subfield></datafield><datafield ind1=" " ind2=" " tag="042"><subfield code="a">msc</subfield></datafield><datafield ind1="0" ind2=" " tag="130"><subfield code="a">Caldwell news (Caldwell, Kan. : 1887)</subfield></datafield><datafield ind1="1" ind2="4" tag="245"><subfield code="a">The Caldwell news.</subfield></datafield><datafield ind1=" " ind2=" " tag="260"><subfield code="a">Caldwell, Kan. :</subfield><subfield code="b">Robert T. Simons,</subfield><subfield code="c">1887-</subfield></datafield><datafield ind1=" " ind2=" " tag="300"><subfield code="a">v. :</subfield><subfield code="b">ill. ;</subfield><subfield code="c">60 cm.</subfield></datafield><datafield ind1=" " ind2=" " tag="310"><subfield code="a">Weekly</subfield></datafield><datafield ind1="0" ind2=" " tag="362"><subfield code="a">Vol. 1, no. 1 (Mar. 23, 1887)-</subfield></datafield><datafield ind1="1" ind2=" " tag="362"><subfield code="a">Ceased in 1928.</subfield></datafield><datafield ind1=" " ind2=" " tag="500"><subfield code="a">Published by: C.B. MacDonald, June 25, 1909-Nov. 10, 1925; Henry P. Quinn, Nov. 17, 1925-</subfield></datafield><datafield ind1=" " ind2=" " tag="500"><subfield code="a">"Republican."</subfield></datafield><datafield ind1=" " ind2=" " tag="580"><subfield code="a">Issued also in a daily edition called: Daily news (Caldwell, Kan.) &lt;Oct. 7-Nov. 29, 1887&gt;.</subfield></datafield><datafield ind1=" " ind2=" " tag="752"><subfield code="a">United States</subfield><subfield code="b">Kansas</subfield><subfield code="c">Sumner</subfield><subfield code="d">Caldwell.</subfield></datafield><datafield ind1="1" ind2=" " tag="775"><subfield code="t">Daily news (Caldwell, Kan.)</subfield><subfield code="w">(DLC)sn 85031693</subfield></datafield><datafield ind1="0" ind2="7" tag="785"><subfield code="t">Caldwell daily messenger (Caldwell, Kan. : 1923)</subfield><subfield code="w">(DLC)sn 85032733</subfield></datafield><datafield ind1="0" ind2="7" tag="785"><subfield code="t">Caldwell daily messenger and the Caldwell news</subfield><subfield code="w">(DLC)sn 85032734</subfield></datafield><datafield ind1="1" ind2=" " tag="029"><subfield code="a">AU@</subfield><subfield code="b">000022166889</subfield></datafield></record>